<record><leader>00000cas a22000007a 4500</leader><controlfield tag="001">15096243</controlfield><controlfield tag="008">870121d19121923inuwr ne      0    0eng d</controlfield><datafield ind1=" " ind2=" " tag="010"><subfield code="a">sn 87055221 </subfield></datafield><datafield ind1=" " ind2=" " tag="040"><subfield code="a">NPI</subfield><subfield code="b">eng</subfield><subfield code="c">NPI</subfield><subfield code="d">OCLCQ</subfield></datafield><datafield ind1=" " ind2=" " tag="042"><subfield code="a">msc</subfield></datafield><datafield ind1="0" ind2="4" tag="245"><subfield code="a">The Pekin advance.</subfield></datafield><datafield ind1=" " ind2=" " tag="260"><subfield code="a">Pekin, Ind. :</subfield><subfield code="b">[s.n.],</subfield><subfield code="c">1912-</subfield></datafield><datafield ind1=" " ind2=" " tag="310"><subfield code="a">Weekly</subfield></datafield><datafield ind1="1" ind2=" " tag="362"><subfield code="a">Vol. 1, no. 1 (Jan. 25, 1912)-</subfield></datafield><datafield ind1=" " ind2=" " tag="752"><subfield code="a">United States</subfield><subfield code="b">Indiana</subfield><subfield code="c">Washington</subfield><subfield code="d">Pekin.</subfield></datafield></record>